@inproceedings{logGP,
  author = "Alexandrov, Albert and Ionescu, Mihai F. and Schauser, Klaus E. and Scheiman, Chris",
  title = "{LogGP}: Incorporating Long Messages into the LogP Model\&Mdash;One Step Closer Towards a Realistic Model for Parallel Computation",
  booktitle = "Proceedings of the Seventh Annual ACM Symposium on Parallel Algorithms and Architectures",
  series = "SPAA '95",
  year = 1995,
  pages = "95-105",
  publisher = "ACM",
}

@article{Brent:1974:PEG:321812.321815,
 author = {Brent, Richard P.},
 title = {The Parallel Evaluation of General Arithmetic Expressions},
 journal = {J. ACM},
 issue_date = {April 1974},
 volume = {21},
 number = {2},
 year = {1974},
 @publisher = {ACM},
 @address = {New York, NY, USA},
} 

@inproceedings{pebblegameregister,
 author = {Gilbert, John R. and Lengauer, Thomas and Tarjan, Robert Endre},
 title = {The Pebbling Problem is Complete in Polynomial Space},
 booktitle = {Proceedings of the Eleventh Annual ACM Symposium on Theory of Computing},
 series = {STOC '79},
 year = {1979},
 acmid = {804418},
 publisher = {ACM},
} 

@article{registerpebblecolor,
title = "Register allocation via coloring",
journal = "Computer Languages",
volume = "6",
number = "1",
pages = "47 - 57",
year = "1981",
author = "Gregory J. Chaitin and Marc A. Auslander and Ashok K. Chandra and John Cocke and Martin E. Hopkins and Peter W. Markstein",
keywords = "Register allocation, Optimizing compilers, Graph coloring"
}

@inproceedings{completeRegisterProblems,
 author = {Sethi, Ravi},
 title = {Complete Register Allocation Problems},
 booktitle = {Proceedings of the Fifth Annual ACM Symposium on Theory of Computing},
 series = {STOC '73},
 year = {1973},
 location = {Austin, Texas, USA},
 acmid = {804049},
 publisher = {ACM},
 address = {New York, NY, USA},
 keywords = {Dag, Polynomial complete, Program optimization, Register allocation, Straight line program},
} 

@inproceedings{redblue,
  title={I/O complexity: The red-blue pebble game},
  author={Jia-Wei, Hong and Kung, Hsiang-Tsung},
  booktitle={Proceedings of the thirteenth annual ACM symposium on Theory of computing},
  pages={326--333},
  year={1981},
  organization={ACM}
}

@article{externalMem,
 author = {Aggarwal, Alok and Vitter, Jeffrey,S.},
 title = {The Input/Output Complexity of Sorting and Related Problems},
 journal = {Commun. ACM},
 issue_date = {Sept. 1988},
 volume = {31},
 number = {9},
 month = sep,
 year = {1988},
 publisher = {ACM},
 address = {New York, NY, USA},
} 

@Inbook{XeonPhi,
author="Saule, Erik
and Kaya, Kamer
and {\c{C}}ataly{\"u}rek, {\"U}mit V.",
editor="Wyrzykowski, Roman
and Dongarra, Jack
and Karczewski, Konrad
and Wa{\'{s}}niewski, Jerzy",
title="Performance Evaluation of Sparse Matrix Multiplication Kernels on Intel Xeon Phi",
bookTitle="Parallel Processing and Applied Mathematics: 10th International Conference, PPAM 2013, Warsaw, Poland, September 8-11, 2013, Revised Selected Papers, Part I",
year="2014",
publisher="Springer Berlin Heidelberg",
address="Berlin, Heidelberg",
pages="559--570",
abstract="Intel Xeon Phi is a recently released high-performance coprocessor which features 61 cores each supporting 4 hardware threads with 512-bit wide SIMD registers achieving a peak theoretical performance of 1Tflop/s in double precision. Its design differs from classical modern processors; it comes with a large number of cores, the 4-way hyperthreading capability allows many applications to saturate the massive memory bandwidth, and its large SIMD capabilities allow to reach high computation throughput. The core of many scientific applications involves the multiplication of a large, sparse matrix with a single or multiple dense vectors which are not compute-bound but memory-bound. In this paper, we investigate the performance of the Xeon Phi coprocessor for these sparse linear algebra kernels. We highlight the important hardware details and show that Xeon Phi's sparse kernel performance is very promising and even better than that of cutting-edge CPUs and GPUs.",
isbn="978-3-642-55224-3",
doi="10.1007/978-3-642-55224-3_52",
url="https://doi.org/10.1007/978-3-642-55224-3_52"
}

@inproceedings{gpumodel,
 author = {Zhang, Yao and Owens, John d.},
 title = {A quantitative performance analysis model for GPU architectures},
 booktitle = {Proceedings of the High Performance Computer Architecture (HPCA)},
 year = {2011},
 location = {San Antonio, TX, USA},
 doi = {10.1109/HPCA.2011.5749745},
 publisher = {IEEE},
} 

@inproceedings{stcut,
  title={Most balanced minimum cuts and partially ordered knapsack},
  author={Paul S. Bonsma},
  booktitle={CTW},
  year={2007}
}

@report{redbluewhite,
author = {Elango, V. and Rastello, F. and Pouchet, L.-N. and Ramanujam, J. and Sadayappan P.},
title = {Data access complexity: The red/blue pebble game revisited},
booktitle = {Technical report}, 
year = {2013}
}

@article{schedulingNP,
 author = {Ullman, J. D.},
 title = {NP-complete Scheduling Problems},
 journal = {J. Comput. Syst. Sci.},
 issue_date = {June, 1975},
 volume = {10},
 number = {3},
 month = jun,
 year = {1975},
 publisher = {Academic Press, Inc.},
 address = {Orlando, FL, USA},
} 

@inproceedings{ElangoSymbolic,
 author = {Elango, Venmugil and Rastello, Fabrice and Pouchet, Louis-No\"{e}l and Ramanujam, J. and Sadayappan, P.},
 title = {On Characterizing the Data Access Complexity of Programs},
 booktitle = {Proceedings of the 42Nd Annual ACM SIGPLAN-SIGACT Symposium on Principles of Programming Languages},
 series = {POPL '15},
 year = {2015},
 isbn = {978-1-4503-3300-9},
 location = {Mumbai, India},
 publisher = {ACM},
 address = {New York, NY, USA},
 keywords = {data access complexity, i/o lower bounds, red-blue pebble game, static analysis},
} 

@article{energyScheduling,
 author = {Chen, YW. and Chiang, ML. and Yang, CJ.},
 title = {Energy-Efficient Scheduling Based on Reducing Resource Contention for Multi-core Processors},
 booktitle = {Advances in Intelligent Systems and Applications - Volume 2. Smart Innovation, Systems and Technologies},
 publisher = {Springer},
 address = {Berlin, Germany},
 year = {2013},
}

@inproceedings{communicationOptMMM,
 author = {Demmel, James and Eliahu, David and Fox, Armando and Kamil, Shoaib and Lipshitz, Benjamin and Schwartz, Oded and Spillinger, Omer},
 title = {Communication-Optimal Parallel Recursive Rectangular Matrix Multiplication},
 booktitle = {Proceedings of the 2013 IEEE 27th International Symposium on Parallel and Distributed Processing},
 series = {IPDPS '13},
 year = {2013},
 isbn = {978-0-7695-4971-2},
 pages = {261--272},
 numpages = {12},
} 


@article{knapsackSched,
 author = {Bruno, J. and Coffman,Jr., E. G. and Sethi, R.},
 title = {Scheduling Independent Tasks to Reduce Mean Finishing Time},
 journal = {Commun. ACM},
 issue_date = {July 1974},
 volume = {17},
 number = {7},
 month = jul,
 year = {1974},
 issn = {0001-0782},
 pages = {382--387},
 publisher = {ACM},
 address = {New York, NY, USA},
 keywords = {deterministic scheduling models, minimizing mean finishing time, minimizing mean flow time, optimal scheduling algorithms, sequencing algorithms},
}

@article{knapsackQuadSched,
  title={Fully Polynomial Approximation Schemes for a Symmetric Quadratic Knapsack Problem and its Scheduling Applications},
  author={Hans Kellerer and Vitaly A. Strusevich},
  journal={Algorithmica},
  year={2008},
  volume={57},
  pages={769-795}
} 

@article{POKSched,
title = "Partially ordered knapsack and applications to scheduling",
journal = "Discrete Applied Mathematics",
volume = "155",
number = "8",
pages = "889 - 897",
year = "2007",
author = "Stavros G. Kolliopoulos and George Steiner",
keywords = "Approximation algorithms, Knapsack, Partial orders, Scheduling"
}

@article{SchedMaxFlow,
 author = {Stone, H. S.},
 title = {Multiprocessor Scheduling with the Aid of Network Flow Algorithms},
 journal = {IEEE Trans. Softw. Eng.},
 issue_date = {January 1977},
 volume = {3},
 number = {1},
 month = jan,
 year = {1977},
 acmid = {1313424},
 publisher = {IEEE Press},
 address = {Piscataway, NJ, USA},
 keywords = {Computer networks, Ford-Fulkerson algorithm, cutsets, distributed computers, load balancing, maximum flows, maximum flows, Computer networks, cutsets, distributed computers, Ford-Fulkerson algorithm, load balancing},
} 

@article{MeshPart,
 author = {Walshaw, C. and Cross, M.},
 title = {Mesh Partitioning: A Multilevel Balancing and Refinement Algorithm},
 journal = {SIAM J. Sci. Comput.},
 issue_date = {2000},
 volume = {22},
 number = {1},
 month = jan,
 year = {2000},
 issn = {1064-8275},
 pages = {63--80},
 numpages = {18},
 url = {http://dx.doi.org/10.1137/S1064827598337373},
 doi = {10.1137/S1064827598337373},
 acmid = {587271},
 publisher = {Society for Industrial and Applied Mathematics},
 address = {Philadelphia, PA, USA},
 keywords = {graph-partitioning, load-balancing, mesh partitioning, multilevel algorithms},
} 

@article{mmmSched,
  author    = {Michele Scquizzato and
               Francesco Silvestri},
  title     = {Communication Lower Bounds for Distributed-Memory Computations},
  journal   = {CoRR},
  volume    = {abs/1307.1805},
  year      = {2013},
  url       = {http://arxiv.org/abs/1307.1805},
  archivePrefix = {arXiv},
  eprint    = {1307.1805},
  timestamp = {Wed, 07 Jun 2017 14:42:33 +0200},
  biburl    = {http://dblp.org/rec/bib/journals/corr/ScquizzatoS13},
  bibsource = {dblp computer science bibliography, http://dblp.org}
}

@article{Cholesky,
 author = {Geist, G. A. and Ng, E.},
 title = {Task Scheduling for Parallel Sparse Cholesky Factorization},
 journal = {Int. J. Parallel Program.},
 issue_date = {Aug. 1990},
 volume = {18},
 number = {4},
 month = jul,
 year = {1990},
 issn = {0885-7458},
 pages = {291--314},
 numpages = {24},
 url = {http://dx.doi.org/10.1007/BF01407861},
 doi = {10.1007/BF01407861},
 acmid = {88203},
 publisher = {Kluwer Academic Publishers},
 address = {Norwell, MA, USA},
} 

@inproceedings{modesto,
 author = {Gysi, Tobias and Grosser, Tobias and Hoefler, Torsten},
 title = {MODESTO: Data-centric Analytic Optimization of Complex Stencil Programs on Heterogeneous Architectures},
 booktitle = {Proceedings of the 29th ACM on International Conference on Supercomputing},
 series = {ICS '15},
 year = {2015},
 isbn = {978-1-4503-3559-1},
 location = {Newport Beach, California, USA},
 pages = {177--186},
 numpages = {10},
 url = {http://doi.acm.org/10.1145/2751205.2751223},
 doi = {10.1145/2751205.2751223},
 acmid = {2751223},
 publisher = {ACM},
 address = {New York, NY, USA},
 keywords = {fusion, heterogeneous systems, performance model, stencil, tiling},
} 

@inproceedings{balancedGraphPart,
 author = {Andreev, Konstantin and R\"{a}cke, Harald},
 title = {Balanced Graph Partitioning},
 booktitle = {Proceedings of the Sixteenth Annual ACM Symposium on Parallelism in Algorithms and Architectures},
 series = {SPAA '04},
 year = {2004},
 isbn = {1-58113-840-7},
 location = {Barcelona, Spain},
 pages = {120--124},
 numpages = {5},
 url = {http://doi.acm.org/10.1145/1007912.1007931},
 doi = {10.1145/1007912.1007931},
 acmid = {1007931},
 publisher = {ACM},
 address = {New York, NY, USA},
 keywords = {approximation algorithms, bicriteria approximation, graph partitioning},
} 

@inproceedings{schedHardness,
 author = {Ambuhl, Christoph and Mastrolilli, Monaldo and Svensson, Ola},
 title = {Inapproximability Results for Sparsest Cut, Optimal Linear Arrangement, and Precedence Constrained Scheduling},
 booktitle = {Proceedings of the 48th Annual IEEE Symposium on Foundations of Computer Science},
 series = {FOCS '07},
 year = {2007},
 isbn = {0-7695-3010-9},
 pages = {329--337},
 numpages = {9},
 url = {http://dx.doi.org/10.1109/FOCS.2007.32},
 doi = {10.1109/FOCS.2007.32},
 acmid = {1334206},
 publisher = {IEEE Computer Society},
 address = {Washington, DC, USA},
} 

@article{dagPartitioningTrees,
 author = {Feldmann, Andreas Emil and Foschini, Luca},
 title = {Balanced Partitions of Trees and Applications},
 journal = {Algorithmica},
 issue_date = {February  2015},
 volume = {71},
 number = {2},
 month = feb,
 year = {2015},
 issn = {0178-4617},
 pages = {354--376},
 numpages = {23},
 url = {http://dx.doi.org/10.1007/s00453-013-9802-3},
 doi = {10.1007/s00453-013-9802-3},
 acmid = {2755729},
 publisher = {Springer-Verlag New York, Inc.},
 address = {Secaucus, NJ, USA},
} 

@Article{partitioningHardness,
author="Chawla, Shuchi
and Krauthgamer, Robert
and Kumar, Ravi
and Rabani, Yuval
and Sivakumar, D.",
title="ON THE HARDNESS OF APPROXIMATING MULTICUT AND SPARSEST-CUT",
journal="computational complexity",
year="2006",
month="Jun",
day="01",
volume="15",
number="2",
pages="94--114",
abstract="We show that the Multicut, Sparsest-Cut, and Min-2CNF ≡ Deletion problems are NP-hard to approximate within every constant factor, assuming the Unique Games Conjecture of Khot (2002). A quantitatively stronger version of the conjecture implies an inapproximability factor of                                                                          {\$}{\$}{\backslash}Omega({\backslash}sqrt{\{}{\backslash}log {\backslash}log n{\}}).{\$}{\$}                              ",
issn="1420-8954",
doi="10.1007/s00037-006-0210-9",
url="https://doi.org/10.1007/s00037-006-0210-9"
}

@inproceedings{approximatingCuts,
 author = {Arora, Sanjeev and Karger, David and Karpinski, Marek},
 title = {Polynomial Time Approximation Schemes for Dense Instances of NP-hard Problems},
 booktitle = {Proceedings of the Twenty-seventh Annual ACM Symposium on Theory of Computing},
 series = {STOC '95},
 year = {1995},
 isbn = {0-89791-718-9},
 location = {Las Vegas, Nevada, USA},
 pages = {284--293},
 numpages = {10},
 url = {http://doi.acm.org/10.1145/225058.225140},
 doi = {10.1145/225058.225140},
 acmid = {225140},
 publisher = {ACM},
 address = {New York, NY, USA},
} 

@inproceedings{comm-avoiding-triang,
  author={T. Wicky and E. Solomonik and T. Hoefler},
  title={{Communication-Avoiding Parallel Algorithms for Solving Triangular Systems of Linear Equations}},
  year={2017},
  month={May},
  pages={},
  booktitle={Proceedings of the 31st IEEE International Parallel \& Distributed Processing Symposium (IPDPS'17)},
  location={Orlando, FL, USA},
  publisher={IEEE},
  isbn={},
  note={},
}

@Inbook{polyhedralModel,
author="Bondhugula, Uday
and Baskaran, Muthu
and Krishnamoorthy, Sriram
and Ramanujam, J.
and Rountev, Atanas
and Sadayappan, P.",
editor="Hendren, Laurie",
title="Automatic Transformations for Communication-Minimized Parallelization and Locality Optimization in the Polyhedral Model",
bookTitle="Compiler Construction: 17th International Conference, CC 2008, Held as Part of the Joint European Conferences on Theory and Practice of Software, ETAPS 2008, Budapest, Hungary, March 29 - April 6, 2008. Proceedings",
year="2008",
publisher="Springer Berlin Heidelberg",
address="Berlin, Heidelberg",
pages="132--146",
abstract="The polyhedral model provides powerful abstractions to optimize loop nests with regular accesses. Affine transformations in this model capture a complex sequence of execution-reordering loop transformations that can improve performance by parallelization as well as locality enhancement. Although a significant body of research has addressed affine scheduling and partitioning, the problem of automatically finding good affine transforms for communication-optimized coarse-grained parallelization together with locality optimization for the general case of arbitrarily-nested loop sequences remains a challenging problem.",
isbn="978-3-540-78791-4",
doi="10.1007/978-3-540-78791-4_9",
url="https://doi.org/10.1007/978-3-540-78791-4_9"
}

@inproceedings{RedBlueHard,
  title={Red-Blue and Standard Pebble Games: Complexity and Applications in the Sequential and Parallel Models},
  author={Quanquan Liu and Christopher J. Terman},
  year={2017}
}

@article{loomisWhitney,
author = "Loomis, L. H. and Whitney, H.",
fjournal = "Bulletin of the American Mathematical Society",
journal = "Bull. Amer. Math. Soc.",
month = "10",
number = "10",
pages = "961--962",
publisher = "American Mathematical Society",
title = "An inequality related to the isoperimetric inequality",
url = "https://projecteuclid.org:443/euclid.bams/1183514163",
volume = "55",
year = "1949"
}

@article{MinComAlgLW,
  author    = {Grey Ballard and
               James Demmel and
               Olga Holtz and
               Oded Schwartz},
  title     = {Minimizing Communication in Linear Algebra},
  journal   = {CoRR},
  volume    = {abs/0905.2485},
  year      = {2009},
  url       = {http://arxiv.org/abs/0905.2485},
  archivePrefix = {arXiv},
  eprint    = {0905.2485},
  timestamp = {Wed, 07 Jun 2017 14:41:58 +0200},
  biburl    = {http://dblp.org/rec/bib/journals/corr/abs-0905-2485},
  bibsource = {dblp computer science bibliography, http://dblp.org}
}

@article{MMM_LW,
 author = "Demmel, James and Eliahu, David and Fox, Armando and Kamil, Shoaib 
 and Lipshitz, Benjamin and Schwartz, Oded and Spillinger, Omer",
 title = "Communication-Optimal Parallel Recursive Rectangular Matrix 
 Multiplication",
 journal = "IPDPS",
 year = {2003},
 publisher = {IEEE},
 location = {Moston, MA, USA},
}

@article{IronyMMM,
 author = {Irony, Dror and Toledo, Sivan and Tiskin, Alexander},
 title = {Communication Lower Bounds for Distributed-memory Matrix Multiplication},
 journal = {J. Parallel Distrib. Comput.},
 issue_date = {September 2004},
 volume = {64},
 number = {9},
 month = sep,
 year = {2004},
 issn = {0743-7315},
 pages = {1017--1026},
 numpages = {10},
 url = {http://dx.doi.org/10.1016/j.jpdc.2004.03.021},
 doi = {10.1016/j.jpdc.2004.03.021},
 acmid = {1036015},
 publisher = {Academic Press, Inc.},
 address = {Orlando, FL, USA},
 keywords = {Communication, Distributed memory, Lower bounds, Matrix multiplication},
} 

@book{computersIntractability,
 author = {Garey, Michael R. and Johnson, David S.},
 title = {Computers and Intractability; A Guide to the Theory of NP-Completeness},
 year = {1990},
 isbn = {0716710455},
 publisher = {W. H. Freeman \& Co.},
 address = {New York, NY, USA},
} 

@article{unaryBinPacking,
title = "Bin packing with fixed number of bins revisited",
journal = "Journal of Computer and System Sciences",
volume = "79",
number = "1",
pages = "39 - 49",
year = "2013",
issn = "0022-0000",
doi = "https://doi.org/10.1016/j.jcss.2012.04.004",
url = "http://www.sciencedirect.com/science/article/pii/S0022000012000943",
author = "Klaus Jansen and Stefan Kratsch and Dániel Marx and Ildikó Schlotter",
keywords = "Bin Packing, Parameterized complexity, Additive approximation, W[1]-hardness"
}

@article{mmmTightBounds,
  title={Pushing the Bounds for Matrix-Matrix Multiplication},
  author={Smith, Tyler Michael and {v}an {d}e Geijn, Robert A},
  journal={arXiv preprint arXiv:1702.02017},
  year={2017}
}

@Article{binpackingPTAS,
author="Fernandez de la Vega, W.
and Lueker, G. S.",
title="Bin packing can be solved within 1 + $\epsilon$ in linear time",
journal="Combinatorica",
year="1981",
month="Dec",
day="01",
volume="1",
number="4",
pages="349--355",
abstract="For any listL ofn numbers in (0, 1) letL* denote the minimum number of unit capacity bins needed to pack the elements ofL. We prove that, for every positive $\epsilon$, there exists anO(n)-time algorithmS such that, ifS(L) denotes the number of bins used byS forL, thenS(L)/L*≦1+$\epsilon$ for anyL providedL* is sufficiently large.",
issn="1439-6912",
doi="10.1007/BF02579456",
url="https://doi.org/10.1007/BF02579456"
}

@Article{binpackingApprox,
author="Yue, Minyi",
title="A simple proof of the inequality FFD (L) ≤ 11/9 OPT (L) + 1, ∀L for the FFD bin-packing algorithm",
journal="Acta Mathematicae Applicatae Sinica",
year="1991",
month="Oct",
day="01",
volume="7",
number="4",
pages="321--331",
abstract="The first fit decreasing (FFD) heuristic algorithm is one of the most famous and most studied methods for an approximative solution of the bin-packing problem. For a listL, let OPT(L) denote the minimal number of bins into whichL can be packed, and let FFD(L) denote the number of bins used by FFD. Johnson[1] showed that for every listL, FFD(L)≤11/9OPT(L)+4. His proof required more than 100 pages. Later, Baker[2] gave a much shorter and simpler proof for FFD(L)≤11/9 OPT(L)+3. His proof required 22 pages. In this paper, we give a proof for FFD(L)≤11/9 OPT(L)+1. The proof is much simpler than the previous ones.",
issn="1618-3932",
doi="10.1007/BF02009683",
url="https://doi.org/10.1007/BF02009683"
}

@article{partitioningHardness2,
title = "Finding good approximate vertex and edge partitions is NP-hard",
journal = "Information Processing Letters",
volume = "42",
number = "3",
pages = "153 - 159",
year = "1992",
issn = "0020-0190",
doi = "https://doi.org/10.1016/0020-0190(92)90140-Q",
url = "http://www.sciencedirect.com/science/article/pii/002001909290140Q",
author = "Thang Nguyen Bui and Curt Jones",
keywords = "Combinatorial problems, approximation algorithms, graph partitioning"
}

@article{DnCgraphs,
title = "A fast minimum spanning tree algorithm based on K-means",
journal = "Information Sciences",
volume = "295",
number = "Supplement C",
pages = "1 - 17",
year = "2015",
issn = "0020-0255",
author = "Caiming Zhong and Mikko Malinen and Duoqian Miao and Pasi Fränti",
keywords = "Minimum spanning tree, Clustering, Manifold learning, -means"
}

@inproceedings{symbolicSpartition,
 author = {Elango, Venmugil and Rastello, Fabrice and Pouchet, Louis-No\"{e}l and Ramanujam, J. and Sadayappan, P.},
 title = {On Characterizing the Data Access Complexity of Programs},
 booktitle = {Proceedings of the 42Nd Annual ACM SIGPLAN-SIGACT Symposium on Principles of Programming Languages},
 series = {POPL '15},
 year = {2015},
 isbn = {978-1-4503-3300-9},
 location = {Mumbai, India},
 pages = {567--580},
 numpages = {14},
 publisher = {ACM},
 address = {New York, NY, USA},
 keywords = {data access complexity, i/o lower bounds, red-blue pebble game, static analysis},
} 

@article{linearAlgebraLAPACK,
 author = {Choi, Jaeyoung and Dongarra, Jack J. and Ostrouchov, L. Susan and Petitet, Antoine P. and Walker, David W. and Whaley, R. Clint},
 title = {Design and Implementation of the ScaLAPACK LU, QR, and Cholesky Factorization Routines},
 journal = {Sci. Program.},
 issue_date = {August 1996},
 volume = {5},
 number = {3},
 month = aug,
 year = {1996}
} 

@inproceedings{slimsell,
  author={M. Besta and F. Marending and E. Solomonik and T. Hoefler},
  title={{SlimSell: A Vectorized Graph Representation for Breadth-First Search}},
  year={2017},
  month={May},
  pages={},
  booktitle={Proceedings of the 31st IEEE International Parallel \& Distributed Processing Symposium (IPDPS'17)},
  location={Orlando, FL, USA},
  publisher={IEEE},
  isbn={},
  note={},
}


@ARTICLE{Cheeger,
   author = {{Lee}, J.~R. and {Oveis Gharan}, S. and {Trevisan}, L.},
    title = "{Multi-way spectral partitioning and higher-order Cheeger inequalities}",
  journal = {ArXiv e-prints},
archivePrefix = "arXiv",
   eprint = {1111.1055},
 primaryClass = "math.MG",
 keywords = {Mathematics - Metric Geometry, Computer Science - Data Structures and Algorithms, Mathematics - Spectral Theory},
     year = 2011,
    month = nov,
   adsurl = {http://adsabs.harvard.edu/abs/2011arXiv1111.1055L},
  adsnote = {Provided by the SAO/NASA Astrophysics Data System}
}

@article{tensorflow,
	aurthor = {Martín Abadi and Paul Barham and Jianmin Chen and Zhifeng Chen and Andy Davis and Jeffrey Dean and 
Matthieu Devin and Sanjay Ghemawat and Geoffrey Irving and Michael Isard and Manjunath Kudlur and  
Josh Levenberg and Rajat Monga and Sherry Moore and Derek G. Murray and Benoit Steiner and Paul Tucker and 
Vijay Vasudevan and Pete Warden and Martin Wicke and Yuan Yu and and Xiaoqiang Zheng},
title = {TensorFlow: A System for Large-Scale Machine Learning},
booktitle={Proceedings of the 12th USENIX Symposium on Operating Systems Design  and Implementation (OSDI ’16)},
location ={Savannah, GA, USA},
}

@INPROCEEDINGS{CARMA,
author={J. Demmel and D. Eliahu and A. Fox and S. Kamil and B. Lipshitz and O. Schwartz and O. Spillinger},
booktitle={2013 IEEE 27th International Symposium on Parallel and Distributed Processing},
title={Communication-Optimal Parallel Recursive Rectangular Matrix Multiplication},
year={2013},
volume={},
number={},
pages={261-272},
doi={10.1109/IPDPS.2013.80},
ISSN={1530-2075},
month={May},}

@article{coppersmith,
title = "Matrix multiplication via arithmetic progressions",
journal = "Journal of Symbolic Computation",
volume = "9",
number = "3",
pages = "251 - 280",
year = "1990",
note = "Computational algebraic complexity editorial",
issn = "0747-7171",
doi = "https://doi.org/10.1016/S0747-7171(08)80013-2",
url = "http://www.sciencedirect.com/science/article/pii/S0747717108800132",
author = "Don Coppersmith and Shmuel Winograd"
}

@inproceedings{redbluecomplete,
  title={Red-Blue and Standard Pebble Games: Complexity and Applications in the Sequential and Parallel Models},
  author={Quanquan Liu},
  year={2017}
}

@article{loomisApplied,
title = "Communication lower bounds for distributed-memory matrix multiplication",
journal = "Journal of Parallel and Distributed Computing",
volume = "64",
number = "9",
pages = "1017 - 1026",
year = "2004",
issn = "0743-7315",
author = "Dror Irony and Sivan Toledo and Alexander Tiskin",
keywords = "Communication, Lower bounds, Distributed memory, Matrix multiplication"
}

@phdthesis{Cannon,
 author = {Cannon, Lynn Elliot},
 title = {A Cellular Computer to Implement the Kalman Filter Algorithm},
 year = {1969},
 note = {AAI7010025},
 publisher = {Montana State University},
 address = {Bozeman, MT, USA},
}

@inproceedings{generalCannon,
 author = {Lee, Hyuk-Jae and Robertson, James P. and Fortes, Jos{\'e} A. B.},
 title = {Generalized Cannon's Algorithm for Parallel Matrix Multiplication},
 booktitle = {Proceedings of the 11th International Conference on Supercomputing},
 series = {ICS '97},
 year = {1997},
 isbn = {0-89791-902-5},
 location = {Vienna, Austria},
 pages = {44--51},
 numpages = {8},
 url = {http://doi.acm.org/10.1145/263580.263591},
 doi = {10.1145/263580.263591},
 acmid = {263591},
 publisher = {ACM},
 address = {New York, NY, USA},
} 


@article{summa,
author = {Van De Geijn R. A. and Watts J.},
title = {SUMMA: scalable universal matrix multiplication algorithm},
journal = {Concurrency: Practice and Experience},
volume = {9},
number = {4},
pages = {255-274},
}

@ARTICLE{summa3d,
author={R. C. Agarwal and S. M. Balle and F. G. Gustavson and M. Joshi and P. Palkar},
journal={IBM Journal of Research and Development},
title={A three-dimensional approach to parallel matrix multiplication},
year={1995},
volume={39},
number={5},
pages={575-582},
keywords={},
doi={10.1147/rd.395.0575},
ISSN={0018-8646},
month={Sep},}

@InProceedings{25d,
author="Solomonik, Edgar
and Demmel, James",
editor="Jeannot, Emmanuel
and Namyst, Raymond
and Roman, Jean",
title="Communication-Optimal Parallel 2.5D Matrix Multiplication and LU Factorization Algorithms",
booktitle="Euro-Par 2011 Parallel Processing",
year="2011",
publisher="Springer Berlin Heidelberg",
address="Berlin, Heidelberg",
pages="90--109",
isbn="978-3-642-23397-5"
}

@article{taskparalelism,
 author = {Girkar, Milind and Polychronopoulos, Constantine D.},
 title = {Extracting Task-level Parallelism},
 journal = {ACM Trans. Program. Lang. Syst.},
 issue_date = {July 1995},
 volume = {17},
 number = {4},
 month = jul,
 year = {1995},
 issn = {0164-0925},
 pages = {600--634},
 numpages = {35},
 url = {http://doi.acm.org/10.1145/210184.210189},
 doi = {10.1145/210184.210189},
 acmid = {210189},
 publisher = {ACM},
 address = {New York, NY, USA},
 keywords = {code generation, control and data dependence, parallelizing compilers, synchronization},
} 

@article{taskMMM,
  author    = {Justus A. Calvin and
               Edward F. Valeev},
  title     = {Task-Based Algorithm for Matrix Multiplication: {A} Step Towards Block-Sparse
               Tensor Computing},
  journal   = {CoRR},
  volume    = {abs/1504.05046},
  year      = {2015},
  url       = {http://arxiv.org/abs/1504.05046},
  archivePrefix = {arXiv},
  eprint    = {1504.05046},
  timestamp = {Wed, 07 Jun 2017 14:43:02 +0200},
  biburl    = {https://dblp.org/rec/bib/journals/corr/CalvinV15},
  bibsource = {dblp computer science bibliography, https://dblp.org}
}


@inproceedings{tiling2,
 author = {Wolf, Michael E. and Lam, Monica S.},
 title = {A Data Locality Optimizing Algorithm},
 booktitle = {Proceedings of the ACM SIGPLAN 1991 Conference on Programming Language Design and Implementation},
 series = {PLDI '91},
 year = {1991},
 isbn = {0-89791-428-7},
 location = {Toronto, Ontario, Canada},
 pages = {30--44},
 numpages = {15},
 url = {http://doi.acm.org/10.1145/113445.113449},
 doi = {10.1145/113445.113449},
 acmid = {113449},
 publisher = {ACM},
 address = {New York, NY, USA},
} 


@article{parallelMMM,
author = {Dekel, E. and Nassimi, D. and Sahni, S.},
title = {Parallel Matrix and Graph Algorithms},
journal = {SIAM Journal on Computing},
volume = {10},
number = {4},
pages = {657-675},
year = {1981},
doi = {10.1137/0210049},

URL = { 
        https://doi.org/10.1137/0210049
    
},
eprint = { 
        https://doi.org/10.1137/0210049
    }
}

@article{Strassen,
 author = {Strassen, Volker},
 title = {Gaussian Elimination is Not Optimal},
 journal = {Numer. Math.},
 issue_date = {August    1969},
 volume = {13},
 number = {4},
 month = aug,
 year = {1969},
 issn = {0029-599X},
 pages = {354--356},
 numpages = {3},
 url = {http://dx.doi.org/10.1007/BF02165411},
 doi = {10.1007/BF02165411},
 acmid = {2722798},
 publisher = {Springer-Verlag New York, Inc.},
 address = {Secaucus, NJ, USA},
} 

@article{rectangularML,
  title={Convergence Analysis for Rectangular Matrix Completion Using Burer-Monteiro Factorization and Gradient Descent},
  author={Qinqing Zheng and John D. Lafferty},
  journal={CoRR},
  year={2016},
  volume={abs/1605.07051}
}

@book{rectangularChemistry,
 author = {Rogers, Donald W.},
 title = {Computational Chemistry Using the PC},
 year = {2003},
 isbn = {0471428000},
 edition = {3},
 publisher = {John Wiley \& Sons, Inc.},
 address = {New York, NY, USA},
} 


@article{tightMMM,
  author    = {Tyler Michael Smith and
               Robert A. van de Geijn},
  title     = {Pushing the Bounds for Matrix-Matrix Multiplication},
  journal   = {CoRR},
  volume    = {abs/1702.02017},
  year      = {2017},
  url       = {http://arxiv.org/abs/1702.02017},
  archivePrefix = {arXiv},
  eprint    = {1702.02017},
  timestamp = {Wed, 07 Jun 2017 14:42:03 +0200},
  biburl    = {https://dblp.org/rec/bib/journals/corr/SmithG17},
  bibsource = {dblp computer science bibliography, https://dblp.org}
}

@article{Goto,
 author = {Goto, Kazushige and Geijn, Robert A. van de},
 title = {Anatomy of High-performance Matrix Multiplication},
 journal = {ACM Trans. Math. Softw.},
 issue_date = {May 2008},
 volume = {34},
 number = {3},
 month = may,
 year = {2008},
 issn = {0098-3500},
 pages = {12:1--12:25},
 articleno = {12},
 numpages = {25},
 url = {http://doi.acm.org/10.1145/1356052.1356053},
 doi = {10.1145/1356052.1356053},
 acmid = {1356053},
 publisher = {ACM},
 address = {New York, NY, USA},
 keywords = {Linear algebra, basic linear algebra subprogrms, matrix multiplication},
} 

@article{anotherPebble,
title = "Pebble game algorithms and sparse graphs",
journal = "Discrete Mathematics",
volume = "308",
number = "8",
pages = "1425 - 1437",
year = "2008",
note = "Third European Conference on Combinatorics",
issn = "0012-365X",
author = "Audrey Lee and Ileana Streinu",
keywords = "Sparse graph, Pebble game, Henneberg sequence, Matroid, Circuit, Rigidity"
}

@inproceedings{redblueHard_,
  title={Red-Blue and Standard Pebble Games : Complexity and Applications in the Sequential and Parallel Models},
  author={Quanquan Liu},
  year={2018}
}

@article{dymond2playerpebblegame,
title = "Speedups of deterministic machines by synchronous parallel machines",
journal = "Journal of Computer and System Sciences",
volume = "30",
number = "2",
pages = "149 - 161",
year = "1985",
issn = "0022-0000",
doi = "https://doi.org/10.1016/0022-0000(85)90011-X",
url = "http://www.sciencedirect.com/science/article/pii/002200008590011X",
author = "Patrick W. Dymond and Martin Tompa"
}

@Article{pebbleTradeoffs,
author="Paul, W. J.
and Tarjan, R. E.",
title="Time-space trade-offs in a pebble game",
journal="Acta Informatica",
year="1978",
month="Jun",
day="01",
volume="10",
number="2",
pages="111--115",
issn="1432-0525",
doi="10.1007/BF00289150"
}

@INPROCEEDINGS{justApebbleGame,
author={S. M. Chan},
booktitle={2013 IEEE Conference on Computational Complexity},
title={Just a Pebble Game},
year={2013},
volume={},
number={},
pages={133-143},
doi={10.1109/CCC.2013.22},
ISSN={1093-0159},
month={June},}

@inproceedings{tiling,
 author = {Wolfe, M.},
 title = {More Iteration Space Tiling},
 booktitle = {Proceedings of the 1989 ACM/IEEE Conference on Supercomputing},
 series = {Supercomputing '89},
 year = {1989},
 isbn = {0-89791-341-8},
 location = {Reno, Nevada, USA},
 pages = {655--664},
 numpages = {10},
 doi = {10.1145/76263.76337},
 acmid = {76337},
 publisher = {ACM},
 address = {New York, NY, USA},
} 

@inproceedings{loopFusion,
  title={Maximizing loop parallelism and improving data locality via loop fusion and distribution},
  author={Kennedy, Ken and McKinley, Kathryn S},
  booktitle={International Workshop on Languages and Compilers for Parallel Computing},
  pages={301--320},
  year={1993},
  organization={Springer}
}

@inproceedings{loopFusionComplexity,
  title={On the complexity of loop fusion},
  author={Darte, Alain},
  booktitle={Parallel Architectures and Compilation Techniques, 1999. Proceedings. 1999 International Conference on},
  pages={149--157},
  year={1999},
  organization={IEEE}
}

@INPROCEEDINGS{MManalysis,
author={A. Gupta and V. Kumar},
booktitle={Parallel Processing, 1993. ICPP 1993. International Conference on},
title={Scalability of Parallel Algorithms for Matrix Multiplication},
year={1993},
volume={3},
number={},
pages={115-123},
keywords={Algorithm design and analysis;Computer science;Concurrent computing;Hypercubes;Matrix decomposition;Parallel algorithms;Parallel processing;Performance analysis;Scalability;Sparse matrices},
doi={10.1109/ICPP.1993.160},
ISSN={0190-3918},
month={Aug},}

@inproceedings{recursiveMM,
  title={An analysis of dag-consistent distributed shared-memory algorithms},
  author={Blumofe, Robert D and Frigo, Matteo and Joerg, Christopher F and Leiserson, Charles E and Randall, Keith H},
  booktitle={Proceedings of the eighth annual ACM symposium on Parallel algorithms and architectures},
  pages={297--308},
  year={1996},
  organization={ACM}
}

@INPROCEEDINGS{recursiveRectangularMM,
author={M. Frigo and C. E. Leiserson and H. Prokop and S. Ramachandran},
booktitle={40th Annual Symposium on Foundations of Computer Science (Cat. No.99CB37039)},
title={Cache-oblivious algorithms},
year={1999},
volume={},
number={},
pages={285-297},
ISSN={0272-5428},
month={},}

@article{joost,
  title={Enabling simulation at the fifth rung of DFT: Large scale RPA calculations with excellent time to solution},
  author={Del Ben, Mauro and Sch{\"u}tt, Ole and Wentz, Tim and Messmer, Peter and Hutter, J{\"u}rg and VandeVondele, Joost},
  journal={Computer Physics Communications},
  volume={187},
  pages={120--129},
  year={2015},
  publisher={Elsevier}
}

@inproceedings{temporalLocality,
  title={Architecture of virtual machines},
  author={Goldberg, Robert P},
  booktitle={Proceedings of the workshop on virtual computer systems},
  pages={74--112},
  year={1973},
  organization={ACM}
}

@inproceedings{scalapack,
  title={ScaLAPACK: A scalable linear algebra library for distributed memory concurrent computers},
  author={Choi, Jaeyoung and Dongarra, Jack J and Pozo, Roldan and Walker, David W},
  booktitle={Frontiers of Massively Parallel Computation, 1992., Fourth Symposium on the},
  pages={120--127},
  year={1992},
  organization={IEEE}
}

@inproceedings{cyclops,
  title={Cyclops tensor framework: Reducing communication and eliminating load imbalance in massively parallel contractions},
  author={Solomonik, Edgar and Matthews, Devin and Hammond, Jeff and Demmel, James},
  booktitle={Parallel \& Distributed Processing (IPDPS), 2013 IEEE 27th International Symposium on},
  pages={813--824},
  year={2013},
  organization={IEEE}
}

@inproceedings{redblueHierarchy,
  title={Extending the Hong-Kung model to memory hierarchies},
  author={Savage, John E},
  booktitle={International Computing and Combinatorics Conference},
  pages={270--281},
  year={1995},
  organization={Springer}
}

@article{scalapackLayout,
title = "ScaLAPACK: a portable linear algebra library for distributed memory computers — design issues and performance",
journal = "Computer Physics Communications",
volume = "97",
number = "1",
pages = "1 - 15",
year = "1996",
note = "High-Performance Computing in Science",
issn = "0010-4655",
doi = "https://doi.org/10.1016/0010-4655(96)00017-3",
url = "http://www.sciencedirect.com/science/article/pii/0010465596000173",
author = "J. Choi and J. Demmel and I. Dhillon and J. Dongarra and S. Ostrouchov and A. Petitet and K. Stanley and D. Walker and R.C. Whaley"
}

@inproceedings{LeGall,
  title={Powers of tensors and fast matrix multiplication},
  author={Le Gall, Fran{\c{c}}ois},
  booktitle={Proceedings of the 39th international symposium on symbolic and algebraic computation},
  pages={296--303},
  year={2014},
  organization={ACM}
}

@article{memIndependentBound,
  title={Strong scaling of matrix multiplication algorithms and memory-independent communication lower bounds},
  author={Ballard, Grey and Demmel, James and Holtz, Olga and Lipshitz, Benjamin and Schwartz, Oded},
  journal={arXiv preprint arXiv:1202.3177},
  year={2012}
}

@article{IOsurvey,
  title={A survey of out-of-core algorithms in numerical linear algebra},
  author={Toledo, Sivan},
  journal={External Memory Algorithms and Visualization},
  volume={50},
  pages={161--179},
  year={1999}
}

@article{MohantyThesis,
  author    = {Sraban Kumar Mohanty},
  title     = {{I/O} Efficient Algorithms for Matrix Computations},
  journal   = {CoRR},
  volume    = {abs/1006.1307},
  year      = {2010}
}

@article{strassenBounds,
  title={Graph expansion and communication costs of fast matrix multiplication},
  author={Ballard, Grey and Demmel, James and Holtz, Olga and Schwartz, Oded},
  journal={Journal of the ACM (JACM)},
  volume={59},
  number={6},
  pages={32},
  year={2012},
  publisher={ACM}
}

@inproceedings{generalStrassenBounds,
  title={Matrix multiplication I/O-complexity by path routing},
  author={Scott, Jacob and Holtz, Olga and Schwartz, Oded},
  booktitle={Proceedings of the 27th ACM symposium on Parallelism in Algorithms and Architectures},
  pages={35--45},
  year={2015},
  organization={ACM}
}

@article{SpMVIO,
  title={Optimal sparse matrix dense vector multiplication in the I/O-model},
  author={Bender, Michael A and Brodal, Gerth St{\o}lting and Fagerberg, Rolf and Jacob, Riko and Vicari, Elias},
  journal={Theory of Computing Systems},
  volume={47},
  number={4},
  pages={934--962},
  year={2010},
  publisher={Springer}
}

@inproceedings{parallelExMem,
  title={Fundamental parallel algorithms for private-cache chip multiprocessors},
  author={Arge, Lars and Goodrich, Michael T and Nelson, Michael and Sitchinava, Nodari},
  booktitle={Proceedings of the twentieth annual symposium on Parallelism in algorithms and architectures},
  pages={197--206},
  year={2008},
  organization={ACM}
}

@phdthesis{SpEverything,
  title={Sparse matrix computations and their I/O complexity},
  author={Greiner, Gero},
  year={2012},
  school={Technische Universit{\"a}t M{\"u}nchen}
}

@article{edgarTradeoff,
  title={Trade-Offs Between Synchronization, Communication, and Computation in Parallel Linear Algebra Computations},
  author={Solomonik, Edgar and Carson, Erin and Knight, Nicholas and Demmel, James},
  journal={ACM Transactions on Parallel Computing (TOPC)},
  volume={3},
  number={1},
  pages={3},
  year={2016},
  publisher={ACM}
}

@inproceedings{strassenVsClassic,
  title={Using recursion to boost ATLAS’s performance},
  author={D’Alberto, Paolo and Nicolau, Alexandru},
  booktitle={High-Performance Computing},
  pages={142--151},
  year={2008},
  organization={Springer}
}

@article{mpi3-rma-overview,
  author={T. Hoefler and J. Dinan and R. Thakur and B. Barrett and P. Balaji and W. Gropp and K. Underwood},
  title={{Remote Memory Access Programming in MPI-3}},
  journal={ACM Transactions on Parallel Computing (TOPC)},
  year={2015},
  month={Jan.},
  publisher={ACM},
  note={accepted for publication on Dec. 4th},
  source={http://www.unixer.de/~htor/publications/},
}

@book{meyer2000matrix,
  title={Matrix analysis and applied linear algebra},
    author={Meyer, Carl D},
      volume={71},
        year={2000},
          publisher={Siam}
}

@book{chatelin2012eigenvalues,
  title={Eigenvalues of Matrices: Revised Edition},
    author={Chatelin, Fran{\`a}oise},
      volume={71},
        year={2012},
          publisher={Siam}
}

@book{cormen2009introduction,
  title={Introduction to algorithms},
    author={Cormen, Thomas H and Leiserson, Charles E and Rivest, Ronald L and Stein, Clifford},
      year={2009},
        publisher={MIT press}
}

@inproceedings{azad2015parallel,
  title={Parallel triangle counting and enumeration using matrix algebra},
    author={Azad, Ariful and Bulu{\c{c}}, Aydin and Gilbert, John},
      booktitle={2015 IEEE International Parallel and Distributed Processing Symposium Workshop (IPDPSW)},
        pages={804--811},
          year={2015},
            organization={IEEE}
}

@article{kepner2016mathematical,
  title={Mathematical foundations of the GraphBLAS},
    author={Kepner, Jeremy and Aaltonen, Peter and Bader, David and Bulu{\c{c}}, Ayd{\i}n and Franchetti, Franz and Gilbert, John and Hutchison, Dylan and Kumar, Manoj and Lumsdaine, Andrew and Meyerhenke, Henning and others},
      journal={arXiv preprint arXiv:1606.05790},
        year={2016}
}

@article{bulucc2011combinatorial,
  title={The Combinatorial BLAS: Design, implementation, and applications},
    author={Bulu{\c{c}}, Ayd{\i}n and Gilbert, John R},
      journal={The International Journal of High Performance Computing Applications},
        volume={25},
          number={4},
            pages={496--509},
              year={2011},
                publisher={Sage Publications Sage UK: London, England}
}

@inproceedings{ng2002spectral,
  title={On spectral clustering: Analysis and an algorithm},
    author={Ng, Andrew Y and Jordan, Michael I and Weiss, Yair},
      booktitle={Advances in neural information processing systems},
        pages={849--856},
          year={2002}
}

@inproceedings{abadi2016tensorflow,
  title={Tensorflow: a system for large-scale machine learning.},
    author={Abadi, Mart{\'\i}n and Barham, Paul and Chen, Jianmin and Chen, Zhifeng and Davis, Andy and Dean, Jeffrey and Devin, Matthieu and Ghemawat, Sanjay and Irving, Geoffrey and Isard, Michael and others},
      booktitle={OSDI},
        volume={16},
          pages={265--283},
            year={2016}
}

@inproceedings{lee1997generalized,
  title={Generalized Cannon's algorithm for parallel matrix multiplication},
    author={Lee, Hyuk-Jae and Robertson, James P and Fortes, Jos{\'e} AB},
      booktitle={Proceedings of the 11th international conference on Supercomputing},
        pages={44--51},
          year={1997},
            organization={ACM}
}

@article{van1997summa,
  title={SUMMA: Scalable universal matrix multiplication algorithm},
    author={Van De Geijn, Robert A and Watts, Jerrell},
      journal={Concurrency: Practice and Experience},
        volume={9},
          number={4},
            pages={255--274},
              year={1997},
                publisher={Wiley Online Library}
}

@article{blas,
  title={Basic linear algebra subprograms for Fortran usage},
  author={Lawson, Chuck L and Hanson, Richard J. and Kincaid, David R and Krogh, Fred T.},
  journal={ACM Transactions on Mathematical Software (TOMS)},
  volume={5},
  number={3},
  pages={308--323},
  year={1979},
  publisher={ACM}
}

@inproceedings{ssa,
 author = {Rosen, B. K. and Wegman, M. N. and Zadeck, F. K.},
 title = {Global Value Numbers and Redundant Computations},
 booktitle = {Proceedings of the 15th ACM SIGPLAN-SIGACT Symposium on Principles of Programming Languages},
 series = {POPL '88},
 year = {1988},
 isbn = {0-89791-252-7},
 location = {San Diego, California, USA},
 pages = {12--27},
 numpages = {16},
 url = {http://doi.acm.org/10.1145/73560.73562},
 doi = {10.1145/73560.73562},
 acmid = {73562},
 publisher = {ACM},
 address = {New York, NY, USA},
} 